@ARTICLE{5200351, 
author={K. Tang and Y. Mei and X. Yao}, 
journal={IEEE Transactions on Evolutionary Computation}, 
title={Memetic Algorithm With Extended Neighborhood Search for Capacitated Arc Routing Problems}, 
year={2009}, 
volume={13}, 
number={5}, 
pages={1151-1166}, 
keywords={evolutionary computation;operations research;search problems;memetic algorithm;extended neighborhood search;capacitated arc routing problems;NP-hard problem;Routing;Vehicles;Algorithm design and analysis;Application software;Computer science;Constraint optimization;Cost function;Erbium;Automotive engineering;Capacitated arc routing problem (CARP);evolutionary optimization;local search;memetic algorithm;metaheuristic search}, 
doi={10.1109/TEVC.2009.2023449}, 
ISSN={1089-778X}, 
month={Oct},}