@article{2010,
  title={A Heuristic Approach to Capacitated Arc Routing Problem Using Simulated Annealing},
  author={Shuichichi MATSUMOTO and Koichiro HIRASHIMA and Hisafumi KOKUBUGATA and Hironao KAWASHIMA},
  journal={SOCIOTECHNICA},
  volume={7},
  number={ },
  pages={131-138},
  year={2010},
  doi={10.3392/sociotechnica.7.131}
}