@article{scikit-learn,
 title={Scikit-learn: Machine Learning in {P}ython},
 author={Pedregosa, F. and Varoquaux, G. and Gramfort, A. and Michel, V.
         and Thirion, B. and Grisel, O. and Blondel, M. and Prettenhofer, P.
         and Weiss, R. and Dubourg, V. and Vanderplas, J. and Passos, A. and
         Cournapeau, D. and Brucher, M. and Perrot, M. and Duchesnay, E.},
 journal={Journal of Machine Learning Research},
 volume={12},
 pages={2825--2830},
 year={2011}
}
@article{tutorial,
	title={Artificial Intelligence lab: {SVM}},
	author={Yao Zhao},
	year={2018}
} 
@article{smo,
author = {Platt, John},
title = {Sequential Minimal Optimization: A Fast Algorithm for Training Support Vector Machines},
year = {1998},
month = {April},
pages = {21}
}
